@book{RN1,
   author = {Azencott, Clo\'{e}-Agathe},
   title = {Introduction auMachine Learning},
   publisher = {InfoSup ,Dunod},
   pages = {240},
   year = {2019},
   type = {Book}
}

@book{RN2,
   author = {Dangeti, Praptap},
   title = {Statistics for Machine Learning},
   publisher = {Packt},
   ISBN = {1788295757},
   year = {2017},
   type = {Book}
}

@book{RN3,
   author = {Doherty, Conor and Camina, Steven and White, Kevin and Orenstein, Gary},
   title = {The path to predictive analytics and machine learning},
   publisher = {O'Reilly Media},
   volume = {2017},
   year = {2017},
   type = {Book}
}

@book{RN4,
   author = {G\'{e}ron, Aur\'{e}lien},
   title = {Machine Learning avec Scikit-Learn: Mise en oeuvre et cas concrets},
   publisher = {Dunod},
   ISBN = {2100797824},
   year = {2019},
   type = {Book}
}

@techreport{RN5,
   author = {LAZIB, L and SADI, S},
   title = {Cours IA},
   year = {2021},
   type = {Report}
}

@techreport{RN6,
   author = {TOUATI, Mohamed Fawzi and ZIANI, Sa\"{\i}d},
   title = {M\'{e}moire de Master - R\'{e}alisation d'un outil de revue de presse
personnalis\'{e}e},
   year = {2018},
   type = {Report}
}
